@article{whelan2015elasticfusion,
  title={ElasticFusion: Dense SLAM without a pose graph},
  author={Whelan, Thomas and Leutenegger, Stefan and Salas-Moreno, Renato F and Glocker, Ben and Davison, Andrew J},
  journal={Proc. Robotics: Science and Systems, Rome, Italy},
  year={2015}
}
@article{leutenegger2015keyframe,
  title={Keyframe-based visual--inertial odometry using nonlinear optimization},
  author={Leutenegger, Stefan and Lynen, Simon and Bosse, Michael and Siegwart, Roland and Furgale, Paul},
  journal={The International Journal of Robotics Research},
  volume={34},
  number={3},
  pages={314--334},
  year={2015},
  publisher={SAGE Publications}
}
@article{glocker2015real,
  title={Real-time rgb-d camera relocalization via randomized ferns for keyframe encoding},
  author={Glocker, Ben and Shotton, Jamie and Criminisi, Antonio and Izadi, Shahram},
  journal={IEEE transactions on visualization and computer graphics},
  volume={21},
  number={5},
  pages={571--583},
  year={2015},
  publisher={IEEE}
}
@inproceedings{newcombe2011kinectfusion,
  title={KinectFusion: Real-time dense surface mapping and tracking},
  author={Newcombe, Richard A and Izadi, Shahram and Hilliges, Otmar and Molyneaux, David and Kim, David and Davison, Andrew J and Kohi, Pushmeet and Shotton, Jamie and Hodges, Steve and Fitzgibbon, Andrew},
  booktitle={Mixed and augmented reality (ISMAR), 2011 10th IEEE international symposium on},
  pages={127--136},
  year={2011},
  organization={IEEE}
}
@article{cadena2016past,
  title={Past, present, and future of simultaneous localization and mapping: Toward the robust-perception age},
  author={Cadena, Cesar and Carlone, Luca and Carrillo, Henry and Latif, Yasir and Scaramuzza, Davide and Neira, Jos{\'e} and Reid, Ian and Leonard, John J},
  journal={IEEE Transactions on Robotics},
  volume={32},
  number={6},
  pages={1309--1332},
  year={2016},
  publisher={IEEE}
}
@inproceedings{mourikis2007multi,
  title={A multi-state constraint Kalman filter for vision-aided inertial navigation},
  author={Mourikis, Anastasios I and Roumeliotis, Stergios I},
  booktitle={Robotics and automation, 2007 IEEE international conference on},
  pages={3565--3572},
  year={2007},
  organization={IEEE}
}
